@inproceedings{vksb-dls-2014,
  title={Design and Evaluation of Gradual Typing for {P}ython},
  author={Michael M. Vitousek and Andrew M. Kent and Jeremy G. Siek and Jim Baker},
  booktitle={DLS},
  year={2014}
}

